@article {shaping,
	title            = "{S}haping the landscape of research in {I}nformation {S}ystems from the perspective of editorial boards\!: {A} scientometric study of 77 leading journals",
	year             = "2012",
	author           = "Guillaume Cabanac",
	journal          = "{JASIST}",
	volume           = "63",
	number           = "5",
	pages            = "977--996",
	doi              = "10.1002/asi.22609"
}

@article{ partnership,
	title            = "Experimenting with the partnership ability $\varphi$-index on a million computer scientists",
	year             = "2013",
	author           = "Guillaume Cabanac",
	journal          = "Scientometrics",
	doi              = "10.1007/s11192-012-0862-y"
}

@article{geometric,
  author    = {Leo Egghe and
               Ronald Rousseau and
               Guido {Van Hooydonk}},
  title     = {Methods for accrediting publications to authors or countries\!: {C}onsequences for evaluation studies},
  journal   = {JASIST},
  volume    = {51},
  number    = {2},
  year      = {2000},
  pages     = {145--157},
  doi        = {10.1002/(SICI)1097-4571(2000)51:2$<$145::AID-ASI6$>$3.0.CO;2-9}
}

@inbook{gender-related,
    chapter={Interpreting and {C}ommunicating the {R}esults of {G}ender-{R}elated {R}esearch},
    title = {Handbook of Gender Research in Psychology},
    ISBN={978-1-4419-1464-4},
    DOI={10.1007/978-1-4419-1465-1_10},
    publisher={Springer-{V}erlag},
    author={Hegarty, Peter and Pratto, Felicia},
    year={2010},
    pages={191--211}
}


@article{van,
    title={Gender differences in scientific productivity\!: a persisting phenomenon\!?},
    volume={93},
    DOI={10.1007/s11192-012-0712-y},
    number={3},
    journal={Scientometrics},
    publisher={Springer-{V}erlag},
    author={Arensbergen, Pleun and van der Weijden, Inge and Besselaar, Peter},
    year={2012},
    pages={857--868}
}


@article{30,
    title={Research evaluation. {P}art {II}\!: gender effects of evaluation: are men more productive and more cited than women\!?},
    volume={93},
    DOI={10.1007/s11192-012-0658-0},
    number={1},
    journal={Scientometrics},
    publisher={Springer-{V}erlag},
    author={Hildrun, Kretschmer and Alexander, Pudovkin and Johannes, Stegmann},
    year={2012},
    pages={17--30}
}


@MISC{kate2013,
author       = {{The Librarian Kate}},
title        = {Who {R}ule {T}he {W}orld\!? {G}irls–{A} {L}ook at the {S}cholarly {L}iterature on {G}ender and {L}ibrarianship ({P}art 2)}, 
howpublished = {Personal blog «katekosturski»},
month        = {3 mars},
year         = {2013}
}


@MISC{singular2012,
author       = {{The Singular Scientist}},
title        = {More {G}ender {B}ias {U}ncovered\!: {C}onference {S}ymposia {O}rganizers}, 
howpublished = {Blog «~womeninwetlands~»},
month        = {29 novembre},
year         = {2012},
url = {http://blog.katekosturski.info/who-rule-the-world-girlsa-look-at-the-scholarly-literature-on-gender-and-librarianship-part-2/}
}


@MISC{accidental2013,
author       = {{The Accidental Mathematician}},
title        = {Gender {B}ias 101 {F}or {M}athematicians}, 
howpublished = {Blog «~ilaba~»},
month        = {9 février},
year         = {2013},
url = {http://ilaba.wordpress.com/2013/02/09/gender-bias-101-for-mathematicians/}
}


@MISC{the2013,
author       = {Paul Jump},
title        = {Male domination of philosophy ‘must end’}, 
howpublished = {Times Higher Education},
month        = {7 mars},
year         = {2013},
url = {http://www.timeshighereducation.co.uk/news/male-domination-of-philosophy-must-end/2002324.article}
}


@MISC{guardian2013,
author       = {Claire Shaw},
title        = {Global action on gender inequality in {HE}\!: what's needed\!?}, 
howpublished = {The Guardian},
month        = {7 mars},
year         = {2013},
url = {http://www.guardian.co.uk/higher-education-network/2013/mar/07/international-womens-day-gender-inequality}
}


@article{patterns,
    title={Authorship patterns in information systems},
    volume={39},
    DOI={10.1007/BF02457428},
    number={1},
    journal={Scientometrics},
    publisher={Springer-{V}erlag},
    author={Cunningham, Sally Jo and Dillon, S. M.},
    year={1997},
    month={mai},
    pages={19--27}
}


@article{matilda1993,
    title={The {M}atthew {M}atilda {E}ffect in {S}cience},
    volume={23},
    DOI={10.1177/030631293023002004},
    number={2},
    journal={Social {S}tudies of {S}cience},
    publisher={Sage {P}ublications},
    author={Rossiter, M. W.},
    year={1993},
    month={mai},
    pages={325--341}
}


@article{balance,
    title={Assessing gender balance among journal authors and editorial board members},
    volume={95},
    DOI={10.1007/s11192-012-0824-4},
    number={1},
    journal={Scientometrics},
    publisher={Springer-{V}erlag},
    author={Mauleón, Elba and Hillán, Laura and Moreno, Luz and Gómez, Isabel and Bordons, María},
    year={2013},
    month={avril},
    pages={87--114}
}


@article{Nakhaie2002,
    title={Gender {D}ifferences in {P}ublication among {U}niversity {P}rofessors in {C}anada},
    volume={39},
    DOI={10.1111/j.1755-618X.2002.tb00615.x},
    number={2},
    journal={Canadian {R}eview of {S}ociology/{R}evue canadienne de sociologie},
    publisher={Wiley {B}lackwell ({B}lackwell {P}ublishing)},
    author={Nakhaie, M. Reza},
    year={2002},
    month={mai},
    pages={151--179}
}
   

@article{Prpic2002,
    title={Gender and productivity differentials in science},
    volume={55},
    DOI={10.1023/A:1016046819457},
    number={1},
    journal={Scientometrics},
    publisher={Springer-{V}erlag},
    author={Prpić, Katarina},
    year={2002},
    pages={27--58}
}


@article{PenasWillett2006,
    title={{G}ender differences in publication and citation counts in librarianship and information science research [Brief communication]},
    volume={32},
    DOI={10.1177/0165551506066058},
    number={5},
    journal={Journal of {I}nformation {S}cience},
    publisher={Sage {P}ublications},
    author={Penas, C. S. and Willett, P.},
    year={2006},
    month={juin},
    pages={480--485}
}


@article{BraisherGorringeElgar2006,
    title={Gender {D}ifferences in {P}ublication {O}utput\!: {T}owards an {U}nbiased {M}etric of {R}esearch {P}erformance},
    volume={1},
    DOI={10.1371/journal.pone.0000127},
    number={1},
    journal={PLoS ONE},
    publisher={Public {L}ibrary of {S}cience},
    author={Symonds, Matthew R.E. and Gemmell, Neil J. and Braisher, Tamsin L. and Gorringe, Kylie L. and Elgar, Mark A.},
    editor={Tregenza, {T}om{E}ditor},
    year={2006},
    month={décembre},
    pages={e127}
}


@article{bramoAngeloCaprasecca2009,
    title={Gender differences in research productivity\!: {A} bibliometric analysis of the {I}talian academic system},
    volume={79},
    DOI={10.1007/s11192-007-2046-8},
    number={3},
    journal={Scientometrics},
    publisher={Springer-{V}erlag},
    author={Abramo, Giovanni and D’Angelo, Ciriaco Andrea and Caprasecca, Alessandro},
    year={2009},
    month={juin},
    pages={517--539}
}


@article{BornmannGannonWallon2007,
    title={A persistent problem. {T}raditional gender roles hold back female scientists},
    volume={8},
    DOI={10.1038/sj.embor.7401109},
    number={11},
    journal={{EMBO} reports},
    publisher={Nature {P}ublishing {G}roup},
    author={Ledin, Anna and Bornmann, Lutz and Gannon, Frank and Wallon, Gerlind},
    year={2007},
    month={novembre},
    pages={982--987}
}


@Article{washburn2006,
  author={Susan Washburn Taylor and Blakely Fox Fender and Kimberly Gladden Burke},
  title={Unraveling the {A}cademic {P}roductivity of {E}conomists\!: {T}he {O}pportunity {C}osts of {T}eaching and {S}ervice},
  journal={Southern {E}conomic {J}ournal},
  year={2006},
  volume={72},
  number={4},
  pages={846--859},
  month={avril},
  url={http://ideas.repec.org/a/sej/ancoec/v724y2006p846-859.html}
}


@article{1998,
     title = {Sex {D}ifferences in {R}esearch {P}roductivity\!: {N}ew {E}vidence about an {O}ld {P}uzzle},
     author = {Xie, Yu and Shauman, Kimberlee A.},
     journal = {American {S}ociological {R}eview},
     volume = {63},
     number = {6},
     pages = {847--870},
     url = {http://www.jstor.org/stable/2657505},
     ISSN = {00031224},
     year = {1998},
     publisher = {American {S}ociological {A}ssociation},
     copyright = {Copyright © 1998 {A}merican {S}ociological {A}ssociation}
}


@article{1992,
     title = {Measures of {S}ex {D}ifferences in {S}cientific {P}roductivity},
     author = {Long, J. Scott},
     journal = {Social {F}orces},
     volume = {71},
     number = {1},
     pages = {159--178},
     url = {http://www.jstor.org/stable/2579971},
     ISSN = {00377732},
     year = {1992},
     publisher = {Oxford {U}niversity {P}ress},
     copyright = {Copyright © 1992 {S}ocial {F}orces, {U}niversity of {N}orth {C}arolina {P}ress}
}


@article{hirsch,
    title={A Hirsch-type index of co-author partnership ability},
    volume={91},
    DOI={10.1007/s11192-011-0559-7},
    number={1},
    journal={Scientometrics},
    publisher={Springer-{V}erlag},
    author={Schubert, András},
    year={2012},
    month={avril},
    pages={303--308}
}

@inproceedings{ley,
  author    = {Michael Ley},
  title     = {The {DBLP} {C}omputer {S}cience {B}ibliography\!: {E}volution, {R}esearch
               {I}ssues, {P}erspectives},
  booktitle = {{SPIRE}},
  year      = {2002},
  pages     = {1--10},
  doi        = {10.1007/3-540-45735-6_1},
  crossref  = {DBLP:conf/spire/2002}
}

@proceedings{DBLP:conf/spire/2002,
  editor    = {Alberto H. F. Laender and
               Arlindo L. Oliveira},
  title     = {{S}tring {P}rocessing and {I}nformation {R}etrieval, 9th {I}nternational
               {S}ymposium, {SPIRE} 2002, {L}isbon, {P}ortugal, {S}eptember 11-13,
               2002, {P}roceedings},
  booktitle = {{SPIRE}},
  publisher = {Springer},
  series    = {Lecture Notes in Computer Science},
  volume    = {2476},
  year      = {2002},
  isbn      = {3-540-44158-1}
}

@misc{irit,
	title = {Site officiel de l'{IRIT}},
	month = 	 {juin},
	year = 	 {2013},
	url = {http://www.irit.fr/}
}

@TECHREPORT{ternisien,
	author = {Marc Ternisien},
	title = {Document de conception},
	institution = {Université {P}aul {S}abatier},
	year = {2011}
}

@misc{larousse,
	title = {Larousse.fr},
	year = {2013},
	month = {juin},
	url = {http://www.larousse.fr}
}

@article{depalma,
    title={{W}hy women avoid computer science [Viewpoint]},
    volume={44},
    DOI={10.1145/376134.376145},
    number={6},
    journal={Communications of the ACM},
    publisher={Association for Computing Machinery},
    author={de Palma, Paul},
    year={2001},
    month={juin},
    pages={27--30}
}

@MISC{stross,
author       = {Randall Stross},
title        = {{D}igital {D}omain -- {W}hat {H}as {D}riven {W}omen {O}ut of {C}omputer {S}cience\!?}, 
howpublished = {The New York Times},
month        = {15 novembre},
year         = {2008},
url = {http://www.nytimes.com/2008/11/16/business/16digi.html?_r=0}
}

@article {cabanac2011,
	title            = "Accuracy of inter-researcher similarity measures based on topical and social clues",
	year             = "2011",
	author           = "Guillaume Cabanac",
	journal          = "Scientometrics",
	volume           = "87",
	number           = "3",
	pages            = "597--620",
	month            = "mai",
	doi              = "10.1007/s11192-011-0358-1",
}

@TECHREPORT{lefeuvre,
	author = {Anaïs Lefeuvre},
	title = {Relations entre individus appartenant à un réseau social académique -- {C}aractérisation des relations et comparaison à la perception humaine},
	institution = {Université {P}aul {S}abatier},
	year = {2010}
}

@article{shapiro,
    title={An analysis of variance test for normality (complete samples)},
    volume={52},
    DOI={10.1093/biomet/52.3-4.591},
    number={3-4},
    journal={Biometrika},
    publisher={Oxford University Press},
    author={Shapiro, S. S. and Wilk, M. B.},
    year={1965},
    month={décembre},
    pages={591--611}
}

@BOOK{ks,
AUTHOR    = {Frederick James},
TITLE     = {{S}tatistical {M}ethods in {E}xperimental {P}hysics},
PUBLISHER = {{W}orld {S}cientific {P}ublishing {C}o. {P}te. {L}td.},
YEAR      = {1971},
pages ={269--271}
}

@article{wmw,
     title = {Individual Comparisons by Ranking Methods},
     author = {Wilcoxon, Frank},
     journal = {Biometrics Bulletin},
     volume = {1},
     number = {6},
     month = {décembre},
     pages = {80--83},
     url = {http://www.jstor.org/stable/3001968},
     ISSN = {00994987},
     year = {1945},
     publisher = {{I}nternational {B}iometric {S}ociety},
     copyright = {Copyright © 1945 International Biometric Society},
    }